@Article{Bonati:2010qu,
     author    = "Bonati, Claudio and Cossu, Guido and D'Elia, Massimo and Di
                  Giacomo, Adriano",
     title     = "{Staggered fermions simulations on GPUs}",
journal = "PoS(Lat2010)???",
     year      = "2010",
     eprint    = "1010.5433",
     archivePrefix = "arXiv",
     primaryClass  =  "hep-lat",
     SLACcitation  = "%%CITATION = 1010.5433;%%"
}